@article{genome2009genome,
    title        = {Genome reference consortium human build 37 (GRCh37)},
    author       = {Genome Reference Consortium and others},
    journal      = {Database (GenBank or RefSeq)}
}
@article{grevsova2023genomic,
    title        = {Genomic benchmarks: a collection of datasets for genomic sequence classification},
    author       = {Gre{\v{s}}ov{\'a}, Katar{\'\i}na and Martinek, Vlastimil and {\v{C }}ech{\'a}k, David and {\v{S}}ime{\v{c}}ek, Petr and Alexiou, Panagiotis},
    journal      = {BMC Genomic Data},
    publisher    = {Springer},
}
@article{gu2023mamba,
    title        = {Mamba: Linear-Time Sequence Modeling with Selective State Spaces},
    author       = {Gu, Albert and Dao, Tri},
    journal      = {arXiv preprint arXiv:2312.00752}
}
@article{beltagy2020longformer,
    title        = {Longformer: The long-document transformer},
    author       = {Beltagy, Iz and Peters, Matthew E and Cohan, Arman},
    journal      = {arXiv preprint arXiv:2004.05150}
}
@article{vaswani2017attention,
    title        = {Attention is all you need},
    author       = {Vaswani, Ashish and Shazeer, Noam and Parmar, Niki and Uszkoreit, Jakob and Jones, Llion and Gomez, Aidan N and Kaiser, {\L}ukasz and Polosukhin, Illia},
    journal      = {Advances in neural information processing systems},
}
@article{devlin2018bert,
    title        = {Bert: Pre-training of deep bidirectional transformers for language understanding},
    author       = {Devlin, Jacob and Chang, Ming-Wei and Lee, Kenton and Toutanova, Kristina},
    journal      = {arXiv preprint arXiv:1810.04805}
}
@article{dalla2024nucleotide,
    title        = {Nucleotide Transformer: building and evaluating robust foundation models for human genomics},
    author       = {Dalla-Torre, Hugo and Gonzalez, Liam and Mendoza-Revilla, Javier and Lopez Carranza, Nicolas and Grzywaczewski, Adam Henryk and Oteri, Francesco and Dallago, Christian and Trop, Evan and de Almeida, Bernardo P and Sirelkhatim, Hassan and others},
    journal      = {Nature Methods},
    publisher    = {Nature Publishing Group US New York},
    pages        = {1--11}
}
@misc{grch38,
    title        = {{Homo sapiens genome assembly GRCh38}},
    month        = {jul},
    journal      = {NCBI},
    url          = {https://www.ncbi.nlm.nih.gov/datasets/genome/GCF_000001405.26}
}
@online{zhou2023dnabert2,
    title        = {{{DNABERT-2}}: Efficient Foundation Model and Benchmark for Multi-Species Genome},
    shorttitle   = {{DNABERT-2}},
    author       = {Zhou, Zhihan and Ji, Yanrong and Li, Weijian and Dutta, Pratik and Davuluri, Ramana and Liu, Han},
    doi          = {10.48550/arXiv.2306.15006},
    eprint       = {2306.15006},
    eprintclass  = {cs, q-bio},
    eprinttype   = {arXiv},
    langid       = {english},
    pubstate     = {prepublished}
}
@article{ji2021dnabert,
    title        = {{{DNABERT}}: Pre-Trained Bidirectional Encoder Representations from Transformers Model for {{DNA-language}} in Genome},
    shorttitle   = {{DNABERT}},
    author       = {Ji, Yanrong and Zhou, Zhihan and Liu, Han and Davuluri, Ramana V},
    pages        = {2112--2120},
    doi          = {10.1093/bioinformatics/btab083},
    issn         = {1367-4803, 1367-4811},
    date         = {2021-08-09},
    editor       = {Kelso, Janet},
    journaltitle = {Bioinformatics},
    langid       = {english},
    shortjournal = {Method. Biochem. Anal.}
}
@article{avsec2021effective,
    title        = {Effective Gene Expression Prediction from Sequence by Integrating Long-Range Interactions},
    author       = {Avsec, Žiga and Agarwal, Vikram and Visentin, Daniel and Ledsam, Joseph R. and Grabska-Barwinska, Agnieszka and Taylor, Kyle R. and Assael, Yannis and Jumper, John and Kohli, Pushmeet and Kelley, David R.},
    publisher    = {Nature Publishing Group},
    pages        = {1196--1203},
    doi          = {10.1038/s41592-021-01252-x},
    issn         = {1548-7091, 1548-7105},
    date         = {2021-10},
    journaltitle = {Nature Methods},
    langid       = {english},
    shortjournal = {Nat. Methods}
}
@article{tay2022efficient,
    title        = {Efficient Transformers: {A} Survey},
    author       = {Yi Tay and Mostafa Dehghani and Dara Bahri and Donald Metzler},
    journal      = {CoRR},
    volume       = {abs/2009.06732},
    url          = {https://arxiv.org/abs/2009.06732},
    bibsource    = {dblp computer science bibliography, https://dblp.org},
    biburl       = {https://dblp.org/rec/journals/corr/abs-2009-06732.bib},
    eprint       = {2009.06732},
    eprinttype   = {arXiv}
}
@article{kingma2014adam,
    title        = {Adam: A method for stochastic optimization},
    author       = {Kingma, Diederik P and Ba, Jimmy},
    journal      = {arXiv preprint arXiv:1412.6980}
}
@article{li2018minimap2,
    title        = {Minimap2: pairwise alignment for nucleotide sequences},
    author       = {Li, Heng},
    journal      = {Bioinformatics},
    publisher    = {Oxford University Press},
    pages        = {3094--3100}
}
@article{li2009sequence,
    title        = {The sequence alignment/map format and SAMtools},
    author       = {Li, Heng and Handsaker, Bob and Wysoker, Alec and Fennell, Tim and Ruan, Jue and Homer, Nils and Marth, Gabor and Abecasis, Goncalo and Durbin, Richard and 1000 Genome Project Data Processing Subgroup},
    journal      = {bioinformatics},
    publisher    = {Oxford University Press},
    pages        = {2078--2079}
}
@article{chen2021systematic,
    title        = {A systematic benchmark of Nanopore long read RNA sequencing for transcript level analysis in human cell lines},
    author       = {Chen, Ying and Davidson, Nadia M and Wan, Yuk Kei and Patel, Harshil and Yao, Fei and Low, Hwee Meng and Hendra, Christopher and Watten, Laura and Sim, Andre and Sawyer, Chelsea and others},
    journal      = {BioRxiv},
    publisher    = {Cold Spring Harbor Laboratory},
    pages        = {2021--04}
}
@article{kent2002blat,
    title        = {BLAT—the BLAST-like alignment tool},
    author       = {Kent, W James},
    journal      = {Genome research},
    publisher    = {Cold Spring Harbor Lab},
    pages        = {656--664}
}
@article{li2024pxblat,
    title        = {{PxBLAT: an efficient python binding library for BLAT}},
    author       = {Li, Yangyang and Yang, Rendong},
    journal      = {BMC Bioinf.},
    publisher    = {BioMed Central},
    pages        = {1--8},
    doi          = {10.1186/s12859-024-05844-0},
    issn         = {1471-2105}
}
@article{smith2020molecular,
    title        = {Molecular barcoding of native RNAs using nanopore sequencing and deep learning},
    author       = {Smith, Martin A and Ersavas, Tansel and Ferguson, James M and Liu, Huanle and Lucas, Morghan C and Begik, Oguzhan and Bojarski, Lilly and Barton, Kirston and Novoa, Eva Maria},
    journal      = {Genome research},
    publisher    = {Cold Spring Harbor Lab},
    pages        = {1345--1353}
}
@article{jain2022advances,
    title        = {Advances in nanopore direct RNA sequencing},
    author       = {Jain, Miten and Abu-Shumays, Robin and Olsen, Hugh E and Akeson, Mark},
    journal      = {Nature methods},
    publisher    = {Nature Publishing Group US New York},
    pages        = {1160--1164}
}
@article{carbonell2024captrap,
    title        = {CapTrap-seq: a platform-agnostic and quantitative approach for high-fidelity full-length RNA sequencing},
    author       = {Carbonell-Sala, S{\'\i}lvia and Perteghella, Tamara and Lagarde, Julien and Nishiyori, Hiromi and Palumbo, Emilio and Arnan, Carme and Takahashi, Hazuki and Carninci, Piero and Uszczynska-Ratajczak, Barbara and Guig{\'o}, Roderic},
    journal      = {Nature Communications},
    publisher    = {Nature Publishing Group UK London},
}
@article{garalde2018highly,
    title        = {Highly parallel direct RNA sequencing on an array of nanopores},
    author       = {Garalde, Daniel R and Snell, Elizabeth A and Jachimowicz, Daniel and Sipos, Botond and Lloyd, Joseph H and Bruce, Mark and Pantic, Nadia and Admassu, Tigist and James, Phillip and Warland, Anthony and others},
    journal      = {Nature methods},
    publisher    = {Nature Publishing Group US New York},
    pages        = {201--206}
}
@article{ozsolak2009direct,
    title        = {Direct RNA sequencing},
    author       = {Ozsolak, Fatih and Platt, Adam R and Jones, Dan R and Reifenberger , Jeffrey G and Sass, Lauryn E and McInerney, Peter and Thompson, John F and Bowers, Jayson and Jarosz, Mirna and Milos, Patrice M},
    journal      = {Nature},
    publisher    = {Nature Publishing Group UK London},
    pages        = {814--818}
}
@online{he2015deep,
    title        = {Deep {{Residual Learning}} for {{Image Recognition}}},
    author       = {He, Kaiming and Zhang, Xiangyu and Ren, Shaoqing and Sun, Jian},
    doi          = {10.48550/arXiv.1512.03385},
    date         = {2015-12-10},
    eprint       = {1512.03385},
    eprinttype   = {arXiv}
}
@article{prjibelski2023accurate,
    title        = {Accurate isoform discovery with IsoQuant using long reads},
    author       = {Prjibelski, Andrey D and Mikheenko, Alla and Joglekar, Anoushka and Smetanin, Alexander and Jarroux, Julien and Lapidus, Alla L and Tilgner, Hagen U},
    journal      = {Nature Biotechnology},
    publisher    = {Nature Publishing Group US New York},
    pages        = {915--918}
}
@article{sherman2022david,
    title        = {DAVID: a web server for functional enrichment analysis and functional annotation of gene lists (2021 update)},
    author       = {Sherman, Brad T and Hao, Ming and Qiu, Ju and Jiao, Xiaoli and Baseler, Michael W and Lane, H Clifford and Imamichi, Tomozumi and Chang, Weizhong},
    journal      = {Nucleic acids research},
    publisher    = {Oxford University Press},
    number       = {W1},
    pages        = {W216--W221}
}
@article{laagstad2017chimeraviz,
    title        = {chimeraviz: a tool for visualizing chimeric RNA},
    author       = {L{\aa}gstad, Stian and Zhao, Sen and Hoff, Andreas M and Johannessen, Bjarne and Lingj{\ae}rde, Ole Christian and Skotheim, Rolf I},
    journal      = {Bioinformatics},
    publisher    = {Oxford University Press},
    pages        = {2954--2956}
}
@article{chen2023gene,
    title        = {Gene fusion detection and characterization in long-read cancer transcriptome sequencing data with FusionSeeker},
    author       = {Chen, Yu and Wang, Yiqing and Chen, Weisheng and Tan, Zhengzhi and Song, Yuwei and Human Genome Structural Variation Consortium and Chen, Herbert and Chong, Zechen},
    journal      = {Cancer research},
    publisher    = {AACR},
    pages        = {28--33}
}
@article{hu2015gsds,
    title        = {GSDS 2.0: an upgraded gene feature visualization server},
    author       = {Hu, Bo and Jin, Jinpu and Guo, An-Yuan and Zhang, He and Luo, Jingchu and Gao, Ge},
    journal      = {Bioinformatics},
    publisher    = {Oxford University Press},
    pages        = {1296--1297}
}
@article{samarakoon2024interactive,
    title        = {Interactive visualisation of raw nanopore signal data with Squigualiser},
    author       = {Samarakoon, Hiruna and Liyanage, Kisaru and Ferguson, James M and Parameswaran, Sri and Gamaarachchi, Hasindu and Deveson, Ira W},
    journal      = {Biorxiv},
    publisher    = {Cold Spring Harbor Laboratory},
    pages        = {2024--02}
}
@article{nguyen2024sequence,
    title        = {Sequence modeling and design from molecular to genome scale with Evo},
    author       = {Eric Nguyen and Michael Poli and Matthew G. Durrant and Brian Kang and Dhruva Katrekar and David B. Li and Liam J. Bartie and Armin W. Thomas and Samuel H. King and Garyk Brixi and Jeremy Sullivan and Madelena Y. Ng and Ashley Lewis and Aaron Lou and Stefano Ermon and Stephen A. Baccus and Tina Hernandez-Boussard and Christopher Ré and Patrick D. Hsu and Brian L. Hie},
    journal      = {Science},
    pages        = {eado9336},
    doi          = {10.1126/science.ado9336},
    url          = {https://www.science.org/doi/abs/10.1126/science.ado9336}
}
@misc{benegas2024genomic,
    title        = {Genomic Language Models: Opportunities and Challenges},
    author       = {Gonzalo Benegas and Chengzhong Ye and Carlos Albors and Jianan Canal Li and Yun S. Song},
    url          = {https://arxiv.org/abs/2407.11435},
    archiveprefix = {arXiv},
    eprint       = {2407.11435},
    primaryclass = {q-bio.GN}
}
@article{liu2024sequencing,
    title        = {Sequencing accuracy and systematic errors of nanopore direct RNA sequencing},
    author       = {Liu-Wei, Wang and van der Toorn, Wiep and Bohn, Patrick and H{\"o} lzer, Martin and Smyth, Redmond P and von Kleist, Max},
    journal      = {BMC genomics},
    publisher    = {Springer},
}
@misc{nano2017tech,
    title        = {{Chemistry Technical Document (CHTD{$\_$}500{$\_$}v1{$\_$}revAQ{$\_ $}07Jul2016)}},
    author       = {Oxford Nanopore PLC.},
    month        = {apr},
    journal      = {Oxford Nanopore Technologies},
    url          = {https://nanoporetech.com/document/chemistry-technical-document}
}
@article{pardo2024systematic,
    title        = {Systematic assessment of long-read RNA-seq methods for transcript identification and quantification},
    author       = {Pardo-Palacios, Francisco J and Wang, Dingjie and Reese, Fairlie and Diekhans, Mark and Carbonell-Sala, S{\'\i}lvia and Williams, Brian and Loveland, Jane E and De Mar{\'\i}a, Maite and Adams, Matthew S and Balderrama-Gutierrez, Gabriela and others},
    journal      = {Nature methods},
    publisher    = {Nature Publishing Group US New York},
    pages        = {1--15}
}
@article{uhrig2021accurate,
    title        = {Accurate and efficient detection of gene fusions from RNA sequencing data},
    author       = {Uhrig, Sebastian and Ellermann, Julia and Walther, Tatjana and Burkhardt, Pauline and Fr{\"o}hlich, Martina and Hutter, Barbara and Toprak, Umut H and Neumann, Olaf and Stenzinger, Albrecht and Scholl, Claudia and others},
    journal      = {Genome research},
    publisher    = {Cold Spring Harbor Lab},
    pages        = {448--460}
}
@article{dobin2013star,
    title        = {STAR: ultrafast universal RNA-seq aligner},
    author       = {Dobin, Alexander and Davis, Carrie A and Schlesinger, Felix and Drenkow, Jorg and Zaleski, Chris and Jha, Sonali and Batut, Philippe and Chaisson, Mark and Gingeras, Thomas R},
    journal      = {Bioinformatics},
    publisher    = {Oxford University Press},
    pages        = {15--21}
}
@article{barretina2012cancer,
    title        = {The Cancer Cell Line Encyclopedia enables predictive modelling of anticancer drug sensitivity},
    author       = {Barretina, Jordi and Caponigro, Giordano and Stransky, Nicolas and Venkatesan, Kavitha and Margolin, Adam A and Kim, Sungjoon and Wilson, Christopher J and Leh{\'a}r, Joseph and Kryukov, Gregory V and Sonkin, Dmitriy and others},
    journal      = {Nature},
    publisher    = {Nature Publishing Group UK London},
    pages        = {603--607}
}
@article{grunberger2022nanopore,
    title        = {Nanopore sequencing of RNA and cDNA molecules in Escherichia coli},
    author       = {Gr{\"u}nberger, Felix and Ferreira-Cerca, S{\'e}bastien and Grohmann, Dina},
    journal      = {Rna},
    publisher    = {Cold Spring Harbor Lab},
    pages        = {400--417}
}
@article{martin2011cutadapt,
    title        = {Cutadapt removes adapter sequences from high-throughput sequencing reads},
    author       = {Martin, Marcel},
    journal      = {EMBnet. journal},
    pages        = {10--12}
}
@article{tardaguila2018sqanti,
    title        = {SQANTI: extensive characterization of long-read transcript sequences for quality control in full-length transcriptome identification and quantification},
    author       = {Tardaguila, Manuel and De La Fuente, Lorena and Marti, Cristina and Pereira, C{\'e}cile and Pardo-Palacios, Francisco Jose and Del Risco, Hector and Ferrell, Marc and Mellado, Maravillas and Macchietto, Marissa and Verheggen, Kenneth and others},
    journal      = {Genome research},
    publisher    = {Cold Spring Harbor Lab},
    pages        = {396--411}
}
@misc{dorado2023,
    title        = {Dorado},
    author       = {Oxford Nanopore PLC.},
    journal      = {[GitHub repository](https://github.com/nanoporetech/dorado)},
    publisher    = {GitHub},
    howpublished = {\url{https://github.com/nanoporetech/dorado}}
}
@article{wolf2019huggingface,
    title        = {Huggingface's transformers: State-of-the-art natural language processing},
    author       = {Wolf, Thomas and Debut, Lysandre and Sanh, Victor and Chaumond, Julien and Delangue, Clement and Moi, Anthony and Cistac, Pierric and Rault, Tim and Louf, R{\'e}mi and Funtowicz, Morgan and others},
    journal      = {arXiv preprint arXiv:1910.03771}
}
@misc{Yadan2019Hydra,
    title        = {Hydra - A framework for elegantly configuring complex applications},
    author       = {Omry Yadan},
    url          = {https://github.com/facebookresearch/hydra},
    howpublished = {Github}
}
@article{nguyen2024hyenadna,
    title        = {Hyenadna: Long-range genomic sequence modeling at single nucleotide resolution},
    author       = {Nguyen, Eric and Poli, Michael and Faizi, Marjan and Thomas, Armin and Wornow, Michael and Birch-Sykes, Callum and Massaroli, Stefano and Patel, Aman and Rabideau, Clayton and Bengio, Yoshua and others},
    journal      = {Advances in neural information processing systems},
}
@article{harris2020array,
    title        = {Array programming with {NumPy}},
    author       = {Charles R. Harris and K. Jarrod Millman and St{\'{e}}fan J. van der Walt and Ralf Gommers and Pauli Virtanen and David Cournapeau and Eric Wieser and Julian Taylor and Sebastian Berg and Nathaniel J. Smith and Robert Kern and Matti Picus and Stephan Hoyer and Marten H. van Kerkwijk and Matthew Brett and Allan Haldane and Jaime Fern{\'{a}}ndez del R{\'{i}}o and Mark Wiebe and Pearu Peterson and Pierre G{\'{e}}rard-Marchant and Kevin Sheppard and Tyler Reddy and Warren Weckesser and Hameer Abbasi and Christoph Gohlke and Travis E. Oliphant},
    month        = {sep},
    journal      = {Nature},
    publisher    = {Springer Science and Business Media {LLC}},
    pages        = {357--362},
    doi          = {10.1038/s41586-020-2649-2},
    url          = {https://doi.org/10.1038/s41586-020-2649-2}
}
@article{Hunter2007,
    title        = {Matplotlib: A 2D graphics environment},
    author       = {Hunter, J. D.},
    journal      = {Computing in Science \& Engineering},
    publisher    = {IEEE COMPUTER SOC},
    pages        = {90--95},
    doi          = {10.1109/MCSE.2007.55},
    abstract     = {Matplotlib is a 2D graphics package used for Python for application development, interactive scripting, and publication-quality image generation across user interfaces and operating systems.}
}
@software{reback2020pandas,
    title        = {pandas-dev/pandas: Pandas},
    author       = {The pandas development team},
    month        = {feb},
    publisher    = {Zenodo},
    doi          = {10.5281/zenodo.3509134},
    url          = {https://doi.org/10.5281/zenodo.3509134},
    version      = {latest}
}
@article{paszke2019pytorch,
    title        = {Pytorch: An imperative style, high-performance deep learning library},
    author       = {Paszke, Adam and Gross, Sam and Massa, Francisco and Lerer, Adam and Bradbury, James and Chanan, Gregory and Killeen, Trevor and Lin , Zeming and Gimelshein, Natalia and Antiga, Luca and others},
    journal      = {Advances in neural information processing systems},
}
@software{Falcon_PyTorch_Lightning_2019,
    title        = {{PyTorch Lightning}},
    author       = {Falcon, William and {The PyTorch Lightning team}},
    month        = {mar},
    doi          = {10.5281/zenodo.3828935},
    url          = {https://github.com/Lightning-AI/lightning},
    license      = {Apache-2.0},
    version      = {1.4}
}
@article{Waskom2021,
    title        = {seaborn: statistical data visualization},
    author       = {Michael L. Waskom},
    journal      = {Journal of Open Source Software},
    publisher    = {The Open Journal},
    doi          = {10.21105/joss.03021},
    url          = {https://doi.org/10.21105/joss.03021}
}
@misc{pychopper,
    title        = {epi2me-labs/pychopper: cDNA read preprocessing},
    url          = {https://github.com/epi2me-labs/pychopper},
    howpublished = {Github}
}
@article{Wick2017,
    title        = {Completing bacterial genome assemblies with multiplex MinION sequencing},
    author       = {Wick, Ryan R. and Judd, Louise M. and Gorrie, Claire L. and Holt, Kathryn E.},
    month        = {oct},
    journal      = {Microbial Genomics},
    publisher    = {Microbiology Society},
    doi          = {10.1099/mgen.0.000132},
    issn         = {2057-5858},
    url          = {http://dx.doi.org/10.1099/mgen.0.000132}
}
@article{bonenfant2023porechop,
    title        = {Porechop\_ABI: discovering unknown adapters in Oxford Nanopore Technology sequencing reads for downstream trimming},
    author       = {Bonenfant, Quentin and No{\'e}, Laurent and Touzet, H{\'e}l{\`e}ne},
    journal      = {Bioinformatics Advances},
    publisher    = {Oxford University Press},
    pages        = {vbac085}
}
@article{lopes2021gene,
    title        = {Gene size matters: an analysis of gene length in the human genome},
    author       = {Lopes, In{\^e}s and Altab, Gulam and Raina, Priyanka and De Magalh{\~a}es, Jo{\~a}O Pedro},
    journal      = {Frontiers in Genetics},
    publisher    = {Frontiers Media SA},
}
@article{workman2019nanopore,
    title        = {Nanopore native RNA sequencing of a human poly (A) transcriptome},
    author       = {Workman, Rachael E and Tang, Alison D and Tang, Paul S and Jain, Miten and Tyson, John R and Razaghi, Roham and Zuzarte, Philip C and Gilpatrick, Timothy and Payne, Alexander and Quick, Joshua and others},
    journal      = {Nature methods},
    publisher    = {Nature Publishing Group US New York},
    pages        = {1297--1305}
}
@article{hewel2024direct,
    title        = {Direct RNA sequencing enables improved transcriptome assessment and tracking of RNA modifications for medical applications},
    author       = {Hewel, Charlotte and Wierczeiko, Anna and Miedema, Johannes and Hofmann, Felix and Wei{\ss}bach, Stephan and Dietrich, Vincent and Friedrich, Johannes and Holth{\"o}fer, Laura and Haug, Verena and M{\"u}ndnich, Stefan and others},
    journal      = {bioRxiv},
    publisher    = {Cold Spring Harbor Laboratory},
    pages        = {2024--07}
}
