@article{genome2009genome,
    author = {Genome Reference Consortium and others},
    journal = {Database (GenBank or RefSeq)},
    title = {Genome reference consortium human build 37 (GRCh37)},
    year = 2009,
}
@article{grevsova2023genomic,
    author = {Gre{\v{s}}ov{\'a}, Katar{\'\i}na and Martinek, Vlastimil and {\v{C
              }}ech{\'a}k, David and {\v{S}}ime{\v{c}}ek, Petr and Alexiou,
              Panagiotis},
    journal = {BMC Genomic Data},
    number = 1,
    pages = 25,
    publisher = {Springer},
    title = {Genomic benchmarks: a collection of datasets for genomic sequence
             classification},
    volume = 24,
    year = 2023,
}
@article{gu2023mamba,
    author = {Gu, Albert and Dao, Tri},
    journal = {arXiv preprint arXiv:2312.00752},
    title = {Mamba: Linear-Time Sequence Modeling with Selective State Spaces},
    year = 2023,
}

@article{beltagy2020longformer,
    author = {Beltagy, Iz and Peters, Matthew E and Cohan, Arman},
    journal = {arXiv preprint arXiv:2004.05150},
    title = {Longformer: The long-document transformer},
    year = 2020,
}
@article{vaswani2017attention,
    author = {Vaswani, Ashish and Shazeer, Noam and Parmar, Niki and Uszkoreit,
              Jakob and Jones, Llion and Gomez, Aidan N and Kaiser, {\L}ukasz and
              Polosukhin, Illia},
    journal = {Advances in neural information processing systems},
    title = {Attention is all you need},
    volume = 30,
    year = 2017,
}
@article{devlin2018bert,
    author = {Devlin, Jacob and Chang, Ming-Wei and Lee, Kenton and Toutanova,
              Kristina},
    journal = {arXiv preprint arXiv:1810.04805},
    title = {Bert: Pre-training of deep bidirectional transformers for language
             understanding},
    year = 2018,
}
@article{dalla2024nucleotide,
    title = {Nucleotide Transformer: building and evaluating robust foundation
             models for human genomics},
    author = {Dalla-Torre, Hugo and Gonzalez, Liam and Mendoza-Revilla, Javier
              and Lopez Carranza, Nicolas and Grzywaczewski, Adam Henryk and
              Oteri, Francesco and Dallago, Christian and Trop, Evan and de
              Almeida, Bernardo P and Sirelkhatim, Hassan and others},
    journal = {Nature Methods},
    pages = {1--11},
    year = {2024},
    publisher = {Nature Publishing Group US New York},
}

@misc{grch38,
    journal = {NCBI},
    month = jul,
    title = {{Homo sapiens genome assembly GRCh38}},
    url = {https://www.ncbi.nlm.nih.gov/datasets/genome/GCF_000001405.26},
    year = 2024,
}
@online{zhou2023dnabert2,
    author = {Zhou, Zhihan and Ji, Yanrong and Li, Weijian and Dutta, Pratik and
              Davuluri, Ramana and Liu, Han},
    date = 2023,
    doi = {10.48550/arXiv.2306.15006},
    eprint = {2306.15006},
    eprintclass = {cs, q-bio},
    eprinttype = {arXiv},
    langid = {english},
    pubstate = {prepublished},
    shorttitle = {{DNABERT-2}},
    title = {{{DNABERT-2}}: Efficient Foundation Model and Benchmark for
             Multi-Species Genome},
}
@article{ji2021dnabert,
    author = {Ji, Yanrong and Zhou, Zhihan and Liu, Han and Davuluri, Ramana V},
    date = {2021-08-09},
    doi = {10.1093/bioinformatics/btab083},
    editor = {Kelso, Janet},
    issn = {1367-4803, 1367-4811},
    journaltitle = {Bioinformatics},
    langid = {english},
    number = 15,
    pages = {2112--2120},
    shortjournal = {Method. Biochem. Anal.},
    shorttitle = {{DNABERT}},
    title = {{{DNABERT}}: Pre-Trained Bidirectional Encoder Representations from
             Transformers Model for {{DNA-language}} in Genome},
    volume = 37,
}
@article{avsec2021effective,
    author = {Avsec, Žiga and Agarwal, Vikram and Visentin, Daniel and Ledsam,
              Joseph R. and Grabska-Barwinska, Agnieszka and Taylor, Kyle R. and
              Assael, Yannis and Jumper, John and Kohli, Pushmeet and Kelley,
              David R.},
    date = {2021-10},
    doi = {10.1038/s41592-021-01252-x},
    issn = {1548-7091, 1548-7105},
    issue = 10,
    journaltitle = {Nature Methods},
    langid = {english},
    number = 10,
    pages = {1196--1203},
    publisher = {Nature Publishing Group},
    shortjournal = {Nat. Methods},
    title = {Effective Gene Expression Prediction from Sequence by Integrating
             Long-Range Interactions},
    volume = 18,
}
@article{tay2022efficient,
    author = {Yi Tay and Mostafa Dehghani and Dara Bahri and Donald Metzler},
    bibsource = {dblp computer science bibliography, https://dblp.org},
    biburl = {https://dblp.org/rec/journals/corr/abs-2009-06732.bib},
    eprint = {2009.06732},
    eprinttype = {arXiv},
    journal = {CoRR},
    title = {Efficient Transformers: {A} Survey},
    url = {https://arxiv.org/abs/2009.06732},
    volume = {abs/2009.06732},
    year = 2020,
}
@article{kingma2014adam,
    author = {Kingma, Diederik P and Ba, Jimmy},
    journal = {arXiv preprint arXiv:1412.6980},
    title = {Adam: A method for stochastic optimization},
    year = 2014,
}
@article{li2018minimap2,
    author = {Li, Heng},
    journal = {Bioinformatics},
    number = 18,
    pages = {3094--3100},
    publisher = {Oxford University Press},
    title = {Minimap2: pairwise alignment for nucleotide sequences},
    volume = 34,
    year = 2018,
}
@article{li2009sequence,
    author = {Li, Heng and Handsaker, Bob and Wysoker, Alec and Fennell, Tim and
              Ruan, Jue and Homer, Nils and Marth, Gabor and Abecasis, Goncalo
              and Durbin, Richard and 1000 Genome Project Data Processing
              Subgroup},
    journal = {bioinformatics},
    number = 16,
    pages = {2078--2079},
    publisher = {Oxford University Press},
    title = {The sequence alignment/map format and SAMtools},
    volume = 25,
    year = 2009,
}
@article{chen2021systematic,
    author = {Chen, Ying and Davidson, Nadia M and Wan, Yuk Kei and Patel,
              Harshil and Yao, Fei and Low, Hwee Meng and Hendra, Christopher and
              Watten, Laura and Sim, Andre and Sawyer, Chelsea and others},
    journal = {BioRxiv},
    pages = {2021--04},
    publisher = {Cold Spring Harbor Laboratory},
    title = {A systematic benchmark of Nanopore long read RNA sequencing for
             transcript level analysis in human cell lines},
    year = 2021,
}
@online{poli2023hyena,
    author = {Poli, Michael and Massaroli, Stefano and Nguyen, Eric and Fu,
              Daniel Y. and Dao, Tri and Baccus, Stephen and Bengio, Yoshua and
              Ermon, Stefano and Ré, Christopher},
    date = {2023-04-19},
    doi = {10.48550/arXiv.2302.10866},
    eprint = {2302.10866},
    eprintclass = {cs},
    eprinttype = {arXiv},
    langid = {english},
    pubstate = {prepublished},
    shorttitle = {Hyena Hierarchy},
    title = {Hyena Hierarchy: Towards Larger Convolutional Language Models},
}
@article{kent2002blat,
    author = {Kent, W James},
    journal = {Genome research},
    number = 4,
    pages = {656--664},
    publisher = {Cold Spring Harbor Lab},
    title = {BLAT—the BLAST-like alignment tool},
    volume = 12,
    year = 2002,
}
@article{li2024pxblat,
    author = {Li, Yangyang and Yang, Rendong},
    doi = {10.1186/s12859-024-05844-0},
    issn = {1471-2105},
    journal = {BMC Bioinf.},
    month = 12,
    number = 1,
    pages = {1--8},
    publisher = {BioMed Central},
    title = {{PxBLAT: an efficient python binding library for BLAT}},
    volume = 25,
    year = 2024,
}
@article{smith2020molecular,
    author = {Smith, Martin A and Ersavas, Tansel and Ferguson, James M and Liu,
              Huanle and Lucas, Morghan C and Begik, Oguzhan and Bojarski, Lilly
              and Barton, Kirston and Novoa, Eva Maria},
    journal = {Genome research},
    number = 9,
    pages = {1345--1353},
    publisher = {Cold Spring Harbor Lab},
    title = {Molecular barcoding of native RNAs using nanopore sequencing and
             deep learning},
    volume = 30,
    year = 2020,
}
@article{jain2022advances,
    author = {Jain, Miten and Abu-Shumays, Robin and Olsen, Hugh E and Akeson,
              Mark},
    journal = {Nature methods},
    number = 10,
    pages = {1160--1164},
    publisher = {Nature Publishing Group US New York},
    title = {Advances in nanopore direct RNA sequencing},
    volume = 19,
    year = 2022,
}
@article{carbonell2024captrap,
    author = {Carbonell-Sala, S{\'\i}lvia and Perteghella, Tamara and Lagarde,
              Julien and Nishiyori, Hiromi and Palumbo, Emilio and Arnan, Carme
              and Takahashi, Hazuki and Carninci, Piero and Uszczynska-Ratajczak,
              Barbara and Guig{\'o}, Roderic},
    journal = {Nature Communications},
    number = 1,
    pages = 5278,
    publisher = {Nature Publishing Group UK London},
    title = {CapTrap-seq: a platform-agnostic and quantitative approach for
             high-fidelity full-length RNA sequencing},
    volume = 15,
    year = 2024,
}
@article{garalde2018highly,
    author = {Garalde, Daniel R and Snell, Elizabeth A and Jachimowicz, Daniel
              and Sipos, Botond and Lloyd, Joseph H and Bruce, Mark and Pantic,
              Nadia and Admassu, Tigist and James, Phillip and Warland, Anthony
              and others},
    journal = {Nature methods},
    number = 3,
    pages = {201--206},
    publisher = {Nature Publishing Group US New York},
    title = {Highly parallel direct RNA sequencing on an array of nanopores},
    volume = 15,
    year = 2018,
}
@article{ozsolak2009direct,
    author = {Ozsolak, Fatih and Platt, Adam R and Jones, Dan R and Reifenberger
              , Jeffrey G and Sass, Lauryn E and McInerney, Peter and Thompson,
              John F and Bowers, Jayson and Jarosz, Mirna and Milos, Patrice M},
    journal = {Nature},
    number = 7265,
    pages = {814--818},
    publisher = {Nature Publishing Group UK London},
    title = {Direct RNA sequencing},
    volume = 461,
    year = 2009,
}
@online{he2015deep,
    author = {He, Kaiming and Zhang, Xiangyu and Ren, Shaoqing and Sun, Jian},
    date = {2015-12-10},
    doi = {10.48550/arXiv.1512.03385},
    eprint = {1512.03385},
    eprinttype = {arXiv},
    title = {Deep {{Residual Learning}} for {{Image Recognition}}},
}
@article{prjibelski2023accurate,
    author = {Prjibelski, Andrey D and Mikheenko, Alla and Joglekar, Anoushka
              and Smetanin, Alexander and Jarroux, Julien and Lapidus, Alla L and
              Tilgner, Hagen U},
    journal = {Nature Biotechnology},
    number = 7,
    pages = {915--918},
    publisher = {Nature Publishing Group US New York},
    title = {Accurate isoform discovery with IsoQuant using long reads},
    volume = 41,
    year = 2023,
}
@article{sherman2022david,
    author = {Sherman, Brad T and Hao, Ming and Qiu, Ju and Jiao, Xiaoli and
              Baseler, Michael W and Lane, H Clifford and Imamichi, Tomozumi and
              Chang, Weizhong},
    journal = {Nucleic acids research},
    number = {W1},
    pages = {W216--W221},
    publisher = {Oxford University Press},
    title = {DAVID: a web server for functional enrichment analysis and
             functional annotation of gene lists (2021 update)},
    volume = 50,
    year = 2022,
}
@article{laagstad2017chimeraviz,
    author = {L{\aa}gstad, Stian and Zhao, Sen and Hoff, Andreas M and
              Johannessen, Bjarne and Lingj{\ae}rde, Ole Christian and Skotheim,
              Rolf I},
    journal = {Bioinformatics},
    number = 18,
    pages = {2954--2956},
    publisher = {Oxford University Press},
    title = {chimeraviz: a tool for visualizing chimeric RNA},
    volume = 33,
    year = 2017,
}
@article{chen2023gene,
    author = {Chen, Yu and Wang, Yiqing and Chen, Weisheng and Tan, Zhengzhi and
              Song, Yuwei and Human Genome Structural Variation Consortium and
              Chen, Herbert and Chong, Zechen},
    journal = {Cancer research},
    number = 1,
    pages = {28--33},
    publisher = {AACR},
    title = {Gene fusion detection and characterization in long-read cancer
             transcriptome sequencing data with FusionSeeker},
    volume = 83,
    year = 2023,
}
@article{hu2015gsds,
    author = {Hu, Bo and Jin, Jinpu and Guo, An-Yuan and Zhang, He and Luo,
              Jingchu and Gao, Ge},
    journal = {Bioinformatics},
    number = 8,
    pages = {1296--1297},
    publisher = {Oxford University Press},
    title = {GSDS 2.0: an upgraded gene feature visualization server},
    volume = 31,
    year = 2015,
}
@article{samarakoon2024interactive,
    author = {Samarakoon, Hiruna and Liyanage, Kisaru and Ferguson, James M and
              Parameswaran, Sri and Gamaarachchi, Hasindu and Deveson, Ira W},
    journal = {Biorxiv},
    pages = {2024--02},
    publisher = {Cold Spring Harbor Laboratory},
    title = {Interactive visualisation of raw nanopore signal data with
             Squigualiser},
    year = 2024,
}


@article{nguyen2024sequence,
    author = {Eric Nguyen and Michael Poli and Matthew G. Durrant and Brian Kang
              and Dhruva Katrekar and David B. Li and Liam J. Bartie and Armin W.
              Thomas and Samuel H. King and Garyk Brixi and Jeremy Sullivan and
              Madelena Y. Ng and Ashley Lewis and Aaron Lou and Stefano Ermon and
              Stephen A. Baccus and Tina Hernandez-Boussard and Christopher Ré
              and Patrick D. Hsu and Brian L. Hie },
    doi = {10.1126/science.ado9336},
    journal = {Science},
    number = {6723},
    pages = {eado9336},
    title = {Sequence modeling and design from molecular to genome scale with
             Evo},
    url = {https://www.science.org/doi/abs/10.1126/science.ado9336},
    volume = {386},
    year = {2024},
}
@misc{benegas2024genomic,
    archiveprefix = {arXiv},
    author = {Gonzalo Benegas and Chengzhong Ye and Carlos Albors and Jianan
              Canal Li and Yun S. Song},
    eprint = {2407.11435},
    primaryclass = {q-bio.GN},
    title = {Genomic Language Models: Opportunities and Challenges},
    url = {https://arxiv.org/abs/2407.11435},
    year = 2024,
}
@article{liu2024sequencing,
    author = {Liu-Wei, Wang and van der Toorn, Wiep and Bohn, Patrick and H{\"o}
              lzer, Martin and Smyth, Redmond P and von Kleist, Max},
    journal = {BMC genomics},
    number = 1,
    pages = 528,
    publisher = {Springer},
    title = {Sequencing accuracy and systematic errors of nanopore direct RNA
             sequencing},
    volume = 25,
    year = 2024,
}
@misc{nano2017tech,
    journal = {Oxford Nanopore Technologies},
    month = apr,
    title = {{Chemistry Technical Document (CHTD{$\_$}500{$\_$}v1{$\_$}revAQ{$\_
             $}07Jul2016)}},
    url = {https://nanoporetech.com/document/chemistry-technical-document},
    year = 2017,
}
@article{pardo2024systematic,
    author = {Pardo-Palacios, Francisco J and Wang, Dingjie and Reese, Fairlie
              and Diekhans, Mark and Carbonell-Sala, S{\'\i}lvia and Williams,
              Brian and Loveland, Jane E and De Mar{\'\i}a, Maite and Adams,
              Matthew S and Balderrama-Gutierrez, Gabriela and others},
    journal = {Nature methods},
    pages = {1--15},
    publisher = {Nature Publishing Group US New York},
    title = {Systematic assessment of long-read RNA-seq methods for transcript
             identification and quantification},
    year = 2024,
}
@article{uhrig2021accurate,
    author = {Uhrig, Sebastian and Ellermann, Julia and Walther, Tatjana and
              Burkhardt, Pauline and Fr{\"o}hlich, Martina and Hutter, Barbara
              and Toprak, Umut H and Neumann, Olaf and Stenzinger, Albrecht and
              Scholl, Claudia and others},
    journal = {Genome research},
    number = 3,
    pages = {448--460},
    publisher = {Cold Spring Harbor Lab},
    title = {Accurate and efficient detection of gene fusions from RNA
             sequencing data},
    volume = 31,
    year = 2021,
}
@article{dobin2013star,
    author = {Dobin, Alexander and Davis, Carrie A and Schlesinger, Felix and
              Drenkow, Jorg and Zaleski, Chris and Jha, Sonali and Batut,
              Philippe and Chaisson, Mark and Gingeras, Thomas R},
    journal = {Bioinformatics},
    number = 1,
    pages = {15--21},
    publisher = {Oxford University Press},
    title = {STAR: ultrafast universal RNA-seq aligner},
    volume = 29,
    year = 2013,
}
@article{barretina2012cancer,
    author = {Barretina, Jordi and Caponigro, Giordano and Stransky, Nicolas and
              Venkatesan, Kavitha and Margolin, Adam A and Kim, Sungjoon and
              Wilson, Christopher J and Leh{\'a}r, Joseph and Kryukov, Gregory V
              and Sonkin, Dmitriy and others},
    journal = {Nature},
    number = 7391,
    pages = {603--607},
    publisher = {Nature Publishing Group UK London},
    title = {The Cancer Cell Line Encyclopedia enables predictive modelling of
             anticancer drug sensitivity},
    volume = 483,
    year = 2012,
}
@article{grunberger2022nanopore,
    author = {Gr{\"u}nberger, Felix and Ferreira-Cerca, S{\'e}bastien and
              Grohmann, Dina},
    journal = {Rna},
    number = 3,
    pages = {400--417},
    publisher = {Cold Spring Harbor Lab},
    title = {Nanopore sequencing of RNA and cDNA molecules in Escherichia coli},
    volume = 28,
    year = 2022,
}
@article{martin2011cutadapt,
    author = {Martin, Marcel},
    journal = {EMBnet. journal},
    number = 1,
    pages = {10--12},
    title = {Cutadapt removes adapter sequences from high-throughput sequencing
             reads},
    volume = 17,
    year = 2011,
}
@article{tardaguila2018sqanti,
    author = {Tardaguila, Manuel and De La Fuente, Lorena and Marti, Cristina
              and Pereira, C{\'e}cile and Pardo-Palacios, Francisco Jose and Del
              Risco, Hector and Ferrell, Marc and Mellado, Maravillas and
              Macchietto, Marissa and Verheggen, Kenneth and others},
    journal = {Genome research},
    number = 3,
    pages = {396--411},
    publisher = {Cold Spring Harbor Lab},
    title = {SQANTI: extensive characterization of long-read transcript
             sequences for quality control in full-length transcriptome
             identification and quantification},
    volume = 28,
    year = 2018,
}
@misc{dorado2023,
    author = {Oxford Nanopore PLC.},
    howpublished = {\url{https://github.com/nanoporetech/dorado}},
    journal = {[GitHub repository](https://github.com/nanoporetech/dorado)},
    publisher = {GitHub},
    title = {Dorado},
    year = 2023,
}

@misc{nano2017tech,
    journal = {Oxford Nanopore Technologies},
    month = apr,
    title = {{Chemistry Technical Document (CHTD{$\_$}500{$\_$}v1{$\_$}revAQ{$\_
             $}07Jul2016)}},
    url = {https://nanoporetech.com/document/chemistry-technical-document},
    year = {2017},
}

@article{wolf2019huggingface,
    author = {Wolf, Thomas and Debut, Lysandre and Sanh, Victor and Chaumond,
              Julien and Delangue, Clement and Moi, Anthony and Cistac, Pierric
              and Rault, Tim and Louf, R{\'e}mi and Funtowicz, Morgan and others},
    journal = {arXiv preprint arXiv:1910.03771},
    title = {Huggingface's transformers: State-of-the-art natural language
             processing},
    year = 2019,
}
@misc{Yadan2019Hydra,
    author = {Omry Yadan},
    howpublished = {Github},
    title = {Hydra - A framework for elegantly configuring complex applications},
    url = {https://github.com/facebookresearch/hydra},
    year = 2019,
}
@article{nguyen2024hyenadna,
    author = {Nguyen, Eric and Poli, Michael and Faizi, Marjan and Thomas, Armin
              and Wornow, Michael and Birch-Sykes, Callum and Massaroli, Stefano
              and Patel, Aman and Rabideau, Clayton and Bengio, Yoshua and others
              },
    journal = {Advances in neural information processing systems},
    title = {Hyenadna: Long-range genomic sequence modeling at single nucleotide
             resolution},
    volume = 36,
    year = 2024,
}
@article{harris2020array,
    author = {Charles R. Harris and K. Jarrod Millman and St{\'{e}}fan J. van
              der Walt and Ralf Gommers and Pauli Virtanen and David Cournapeau
              and Eric Wieser and Julian Taylor and Sebastian Berg and Nathaniel
              J. Smith and Robert Kern and Matti Picus and Stephan Hoyer and
              Marten H. van Kerkwijk and Matthew Brett and Allan Haldane and
              Jaime Fern{\'{a}}ndez del R{\'{i}}o and Mark Wiebe and Pearu
              Peterson and Pierre G{\'{e}}rard-Marchant and Kevin Sheppard and
              Tyler Reddy and Warren Weckesser and Hameer Abbasi and Christoph
              Gohlke and Travis E. Oliphant},
    doi = {10.1038/s41586-020-2649-2},
    journal = {Nature},
    month = sep,
    number = 7825,
    pages = {357--362},
    publisher = {Springer Science and Business Media {LLC}},
    title = {Array programming with {NumPy}},
    url = {https://doi.org/10.1038/s41586-020-2649-2},
    volume = 585,
    year = 2020,
}
@article{Hunter2007,
    abstract = {Matplotlib is a 2D graphics package used for Python for
                application development, interactive scripting, and
                publication-quality image generation across user interfaces and
                operating systems.},
    author = {Hunter, J. D.},
    doi = {10.1109/MCSE.2007.55},
    journal = {Computing in Science \& Engineering},
    number = 3,
    pages = {90--95},
    publisher = {IEEE COMPUTER SOC},
    title = {Matplotlib: A 2D graphics environment},
    volume = 9,
    year = 2007,
}
@software{reback2020pandas,
    author = {The pandas development team},
    doi = {10.5281/zenodo.3509134},
    month = feb,
    publisher = {Zenodo},
    title = {pandas-dev/pandas: Pandas},
    url = {https://doi.org/10.5281/zenodo.3509134},
    version = {latest},
    year = 2020,
}
@article{paszke2019pytorch,
    author = {Paszke, Adam and Gross, Sam and Massa, Francisco and Lerer, Adam
              and Bradbury, James and Chanan, Gregory and Killeen, Trevor and Lin
              , Zeming and Gimelshein, Natalia and Antiga, Luca and others},
    journal = {Advances in neural information processing systems},
    title = {Pytorch: An imperative style, high-performance deep learning
             library},
    volume = 32,
    year = 2019,
}
@software{Falcon_PyTorch_Lightning_2019,
    author = {Falcon, William and {The PyTorch Lightning team}},
    doi = {10.5281/zenodo.3828935},
    license = {Apache-2.0},
    month = mar,
    title = {{PyTorch Lightning}},
    url = {https://github.com/Lightning-AI/lightning},
    version = {1.4},
    year = 2019,
}
@article{Waskom2021,
    author = {Michael L. Waskom},
    doi = {10.21105/joss.03021},
    journal = {Journal of Open Source Software},
    number = 60,
    pages = 3021,
    publisher = {The Open Journal},
    title = {seaborn: statistical data visualization},
    url = {https://doi.org/10.21105/joss.03021},
    volume = 6,
    year = 2021,
}

@misc{pychopper,
    author = {},
    howpublished = {Github},
    month = {},
    title = {epi2me-labs/pychopper: cDNA read preprocessing},
    url = {https://github.com/epi2me-labs/pychopper},
    year = {},
}

@article{Wick2017,
    author = {Wick, Ryan R. and Judd, Louise M. and Gorrie, Claire L. and Holt,
              Kathryn E.},
    doi = {10.1099/mgen.0.000132},
    issn = {2057-5858},
    journal = {Microbial Genomics},
    month = oct,
    number = {10},
    publisher = {Microbiology Society},
    title = {Completing bacterial genome assemblies with multiplex MinION
             sequencing},
    url = {http://dx.doi.org/10.1099/mgen.0.000132},
    volume = {3},
    year = {2017},
}


@article{bonenfant2023porechop,
    author = {Bonenfant, Quentin and No{\'e}, Laurent and Touzet, H{\'e}l{\`e}ne
              },
    journal = {Bioinformatics Advances},
    number = {1},
    pages = {vbac085},
    publisher = {Oxford University Press},
    title = {Porechop\_ABI: discovering unknown adapters in Oxford Nanopore
             Technology sequencing reads for downstream trimming},
    volume = {3},
    year = {2023},
}
